
@article{gracia_dealing_2011,
	title = {Dealing with {Semantic} {Heterogeneity} {Issues} on the {Web}},
	issn = {1089-7801},
	url = {http://ieeexplore.ieee.org/lpdocs/epic03/wrapper.htm?arnumber=6025341},
	doi = {10.1109/MIC.2011.129},
	urldate = {2016-03-26},
	journal = {IEEE Internet Computing},
	author = {Gracia, Jorge and Mena, Eduardo},
	year = {2011}
}

@book{_social_2007,
	address = {Boston, MA},
	series = {Semantic {Web} and {Beyond}},
	title = {Social {Networks} and the {Semantic} {Web}},
	volume = {5},
	isbn = {978-0-387-71000-6},
	url = {http://link.springer.com/10.1007/978-0-387-71001-3},
	language = {en},
	urldate = {2016-03-26},
	publisher = {Springer US},
	year = {2007}
}

@INPROCEEDINGS{6190504, 
author={M. Jamalzadeh and N. Behravan}, 
booktitle={Control System, Computing and Engineering (ICCSCE), 2011 IEEE International Conference on}, 
title={Using Semantic Web Ontologies for better inter-operability on social network sites}, 
year={2011}, 
pages={103-108}, 
keywords={content management;ontologies (artificial intelligence);open systems;semantic Web;social networking (online);DC;FOAF;SIOC;SKOS;interlink social network sites;interoperability;online social network sites;semantic Web ontology;semantic tools;social Web;user-generated content management;Ontologies;Organizations;Resource description framework;Semantics;Social network services;Vocabulary;Ontology;semantic web;social network}, 
doi={10.1109/ICCSCE.2011.6190504}, 
month={Nov},}

@misc{skos,
	title = {{SKOS} {Simple} {Knowledge} {Organization} {System} {Reference}},
	howpublished = {\url{https://www.w3.org/TR/2009/REC-skos-reference-20090818/}[Accessed 2016-03-26]},
	file = {SKOS Simple Knowledge Organization System Reference:files/26/REC-skos-reference-20090818.html:text/html}
}

@misc{sioc,
	title = {{SIOC} {Core} {Ontology} {Specification}},
	howpublished = {\url{https://www.w3.org/Submission/sioc-spec/}[Accessed 2016-03-26]},
	urldate = {2016-03-26},
	file = {SIOC Core Ontology Specification:files/13/sioc-spec.html:text/html}
}


@misc{foaf,
	title = {{FOAF} {Vocabulary} {Specification}},
	howpublished = {\url{http://xmlns.com/foaf/spec/20140114.html}[Accessed 2016-03-26]},
	urldate = {2016-03-26},
	file = {FOAF Vocabulary Specification:files/9/20140114.html:text/html}
}

@misc{dcmi,
	title = {{DCMI} {Home}: {Dublin} {Core}� {Metadata} {Initiative} ({DCMI})},
	howpublished = {\url{http://dublincore.org/}[Accessed 2016-03-26]},
	urldate = {2016-03-26},
	file = {DCMI Home\: Dublin Core� Metadata Initiative (DCMI):files/11/dublincore.org.html:text/html}
}






