
@article{gracia_dealing_2011,
	title = {Dealing with {Semantic} {Heterogeneity} {Issues} on the {Web}},
	issn = {1089-7801},
	url = {http://ieeexplore.ieee.org/lpdocs/epic03/wrapper.htm?arnumber=6025341},
	doi = {10.1109/MIC.2011.129},
	urldate = {2016-03-26},
	journal = {IEEE Internet Computing},
	author = {Gracia, Jorge and Mena, Eduardo},
	year = {2011}
}

@misc{_sioc_????,
	title = {{SIOC} {Core} {Ontology} {Specification}},
	url = {https://www.w3.org/Submission/sioc-spec/},
	urldate = {2016-03-26},
	file = {SIOC Core Ontology Specification:files/13/sioc-spec.html:text/html}
}

@misc{center_for_history_and_new_media_zotero_????,
	title = {Zotero {Quick} {Start} {Guide}},
	url = {http://zotero.org/support/quick_start_guide},
	author = {{Center for History and New Media}},
	annote = {Welcome to Zotero!View the Quick Start Guide to learn how to begin collecting, managing, citing, and sharing your research sources.Thanks for installing Zotero.}
}

@misc{_foaf_????,
	title = {{FOAF} {Vocabulary} {Specification}},
	url = {http://xmlns.com/foaf/spec/20140114.html},
	urldate = {2016-03-26},
	file = {FOAF Vocabulary Specification:files/9/20140114.html:text/html}
}

@misc{_dcmi_????,
	title = {{DCMI} {Home}: {Dublin} {Core}� {Metadata} {Initiative} ({DCMI})},
	url = {http://dublincore.org/},
	urldate = {2016-03-26},
	file = {DCMI Home\: Dublin Core� Metadata Initiative (DCMI):files/11/dublincore.org.html:text/html}
}

@book{_social_2007,
	address = {Boston, MA},
	series = {Semantic {Web} and {Beyond}},
	title = {Social {Networks} and the {Semantic} {Web}},
	volume = {5},
	isbn = {978-0-387-71000-6},
	url = {http://link.springer.com/10.1007/978-0-387-71001-3},
	language = {en},
	urldate = {2016-03-26},
	publisher = {Springer US},
	year = {2007}
}

@misc{_skos_????,
	title = {{SKOS} {Simple} {Knowledge} {Organization} {System} {Reference}},
	url = {https://www.w3.org/TR/2009/REC-skos-reference-20090818/},
	urldate = {2016-03-26},
	file = {SKOS Simple Knowledge Organization System Reference:files/7/REC-skos-reference-20090818.html:text/html}
}